<record xmlns="http://www.loc.gov/MARC21/slim" xmlns:xsi="http://www.w3.org/2001/XMLSchema-instance" xsi:schemaLocation="http://www.loc.gov/MARC21/slim http://www.loc.gov/standards/marcxml/schema/MARC21slim.xsd"><leader>00037nz   2200037n  4500</leader><controlfield tag="001">DNB|10233207X</controlfield><controlfield tag="003">DNB</controlfield><controlfield tag="005">19960808162847.0</controlfield><controlfield tag="008">920624|||az|nnaa|||||||||||| a|aaa|||| d</controlfield><datafield ind1="7" ind2=" " tag="016"><subfield code="a">10233207X</subfield><subfield code="2">GyFmDB</subfield></datafield><datafield ind1=" " ind2=" " tag="040"><subfield code="a">0000</subfield><subfield code="b">ger</subfield><subfield code="d">9999</subfield><subfield code="f">RAK-PND</subfield></datafield><datafield ind1="1" ind2=" " tag="045"><subfield code="b">d6. Jh. v. Chr.</subfield></datafield><datafield ind1="0" ind2=" " tag="100"><subfield code="a">Ananius,</subfield><subfield code="c">Iambographus</subfield><subfield code="d">6. Jh. v. Chr.</subfield></datafield><datafield ind1="0" ind2=" " tag="400"><subfield code="a">Ananius</subfield><subfield code="d">6. Jh. v. Chr.</subfield></datafield><datafield ind1="0" ind2=" " tag="400"><subfield code="a">Ananius,</subfield><subfield code="c">Lyricus</subfield><subfield code="d">6. Jh. v. Chr.</subfield></datafield><datafield ind1="0" ind2=" " tag="400"><subfield code="a">Ananios,</subfield><subfield code="c">Iambograph</subfield><subfield code="d">6. Jh. v. Chr.</subfield></datafield><datafield ind1="0" ind2=" " tag="400"><subfield code="a">Ananios,</subfield><subfield code="c">Dichter</subfield><subfield code="d">6. Jh. v. Chr.</subfield></datafield><datafield ind1="0" ind2=" " tag="400"><subfield code="a">Ananio,</subfield><subfield code="c">Poeta Coliambico</subfield><subfield code="d">6. Jh. v. Chr.</subfield></datafield><datafield ind1="0" ind2=" " tag="400"><subfield code="a">Ananios,</subfield><subfield code="c">Erfinder der Hinkiamben</subfield><subfield code="d">6. Jh. v. Chr.</subfield></datafield><datafield ind1=" " ind2=" " tag="500"><subfield code="t">Hipponax: Fragmenta. - 1817</subfield></datafield><datafield ind1=" " ind2=" " tag="500"><subfield code="t">Hipponax: Hipponactis et Ananiis iambographorum Fragmenta. - 1817</subfield></datafield><datafield ind1=" " ind2=" " tag="910"><subfield code="a">HIPPONACTIS ET ANANIIS IAMBOGRAPHORUM FRAGMENTA</subfield><subfield code="9">2</subfield></datafield><datafield ind1=" " ind2=" " tag="921"><subfield code="a">BAIER</subfield><subfield code="9">1</subfield></datafield><datafield ind1=" " ind2=" " tag="922"><subfield code="a">gw</subfield><subfield code="9">1</subfield></datafield><datafield ind1=" " ind2=" " tag="940"><subfield code="a">gre</subfield><subfield code="9">1</subfield></datafield><datafield ind1=" " ind2=" " tag="943"><subfield code="a">181x</subfield><subfield code="9">2</subfield></datafield><datafield ind1=" " ind2=" " tag="944"><subfield code="a">am</subfield><subfield code="9">1</subfield></datafield><datafield ind1=" " ind2=" " tag="950"><subfield code="a">HIPPONAX</subfield><subfield code="9">2</subfield></datafield><datafield ind1=" " ind2=" " tag="950"><subfield code="a">WELCKER FRIEDRICH GOTTLIEB</subfield><subfield code="9">1</subfield></datafield><datafield ind1=" " ind2=" " tag="999"><subfield code="a">BVB|BV004646500</subfield></datafield></record>